@INPROCEEDINGS{DDMI_Overview,  author={Gleason, Scott and Ruf, Christopher},  booktitle={2015 IEEE MTT-S International Microwave Symposium},   title={Overview of the Delay Doppler Mapping Instrument (DDMI) for the cyclone global navigation satellite systems mission (CYGNSS)},   year={2015},  volume={},  number={},  pages={1-4},  doi={10.1109/MWSYM.2015.7166775}}

 @misc{DDMI_Summary, title={CEOS EO HANDBOOK â€“ INSTRUMENT SUMMARY - DDMI (CYGNSS)}, url={http://database.eohandbook.com/database/instrumentsummary.aspx?instrumentID=1669}, journal={The CEOS database : Instrument summary - DDMI (CYGNSS)}, publisher={ESA}, author={Symbois}, year={2022}} 
 
 @INPROCEEDINGS{SGR-ReSi_Application,  author={Unwin, Martin and Jales, Philip and Blunt, Paul and Duncan, Stuart and Brummitt, Marissa and Ruf, Chris},  booktitle={2013 IEEE Aerospace Conference},   title={The SGR-ReSI and its application for GNSS reflectometry on the NASA EV-2 CYGNSS mission},   year={2013},  volume={},  number={},  pages={1-6},  doi={10.1109/AERO.2013.6497151}}
 
 @ARTICLE{GNSS_Signal_Properties,  author={Zavorotny, Valery U. and Gleason, Scott and Cardellach, Estel and Camps, Adriano},  journal={IEEE Geoscience and Remote Sensing Magazine},   title={Tutorial on Remote Sensing Using GNSS Bistatic Radar of Opportunity},   year={2014},  volume={2},  number={4},  pages={8-45},  doi={10.1109/MGRS.2014.2374220}}
 
  @misc{NASA, title={The science of CYGNSS}, url={https://www.nasa.gov/cygnss/the-science-of-cygnss}, journal={NASA}, publisher={NASA}, author={Allen, Bob}, year={2015}, month={May}} 
  
  @INPROCEEDINGS{Global_SM,  author={Yan, Qingyun and Jin, Shuanggen and Huang, Weimin and Jia, Yan},  booktitle={IGARSS 2020 - 2020 IEEE International Geoscience and Remote Sensing Symposium},   title={Global Soil Moisture Estimation Using CYGNSS Data},   year={2020},  volume={},  number={},  pages={6182-6185},  doi={10.1109/IGARSS39084.2020.9323145}}
  
   @misc{Data, title={CYGNSS Level 1 Science Data record version 3.0| Physical Oceanography Distributed Active Archive Center (PO.DAAC)}, url={https://podaac.jpl.nasa.gov/dataset/CYGNSS_L1_V3.0}, journal={NASA}, publisher={NASA}} 